@book{armstrong2007pe,
 author = {Armstrong, Joe},
 title = {{Programming Erlang: Software for a Concurrent World}},
 year = {2007},
 isbn = {193435600X, 9781934356005},
 publisher = {Pragmatic Bookshelf},
}

@book{lutz2009python,
  title={{Python pocket reference}},
  author={Lutz, M.},
  isbn={0596158084},
  year={2009},
  publisher={Oreilly \& Associates Inc}
}

@book{kojima2009calc,
  title={{The Manga Guide to Calculus}},
  author={Hiroyuki Kojima and Shin Togami and Ltd. Becom Co.},
  publisher={No Starch Press},
  year={2009},
  isbn={9781593271947}
}

@BOOK{lutz2011progpython, 
  title={{Programming Python}},
  author={Mark Lutz},
  publisher={O'Reilly Media},
  year={2011},
  edition={Fourth Edition},
  isbn={9780596158101}
}

@BOOK{stroustrup200002, 
  title={{The C++ Programming Language: Special Edition}},
  author={Bjarne Stroustrup},
  publisher={Addison-Wesley Professional},
  year={2000},
  edition={3},
  isbn={9780201700732}
}

@BOOK{bambenekKlus200901, 
  title={{Grep Pocket Reference (Pocket Reference (O'Reilly))}},
  author={John Bambenek and Agnieszka Klus},
  publisher={O'Reilly Media},
  year={2009},
  edition={1},
  isbn={9780596153601}
}

@BOOK{robbins200206, 
  title={{sed and awk Pocket Reference}},
  author={Arnold Robbins},
  publisher={O'Reilly Media},
  year={2002},
  edition={2nd},
  isbn={9780596003524}
}

@BOOK{koenigMoo200008, 
  title={{Accelerated C++: Practical Programming by Example}},
  author={Andrew Koenig and Barbara E. Moo},
  publisher={Addison-Wesley Professional},
  year={2000},
  isbn={9780201703535}
}

@BOOK{osullivanGoerzenStewart200812, 
  title={{Real World Haskell}},
  author={Bryan O'Sullivan and John Goerzen and Don Stewart},
  publisher={O'Reilly Media},
  year={2008},
  edition={1},
  isbn={9780596514983}
}

@BOOK{robbinsHannahLamb200807, 
  title={{Learning the vi and Vim Editors}},
  author={Arnold Robbins and Elbert Hannah and Linda Lamb},
  publisher={O'Reilly Media},
  year={2008},
  edition={Seventh Edition},
  isbn={9780596529833}
}

@BOOK{cameron199811, 
  title={{GNU Emacs Pocket Reference}},
  author={Debra Cameron},
  publisher={O'Reilly Media},
  year={1998},
  edition={1},
  isbn={9781565924963}
}

@MISC{gamesweb,
    title={{Gamesweb - En verden af spil - Games}},
    url={http://www.gamesweb.dk}
}

@MISC{cubikon,
    title={{Zauberw\"urfel - Speedcube - Rubiks Cube kaufen bei Cubikon - Cubikon}},
    url={http://www.cibukon.de}
}

@MISC{cubesmith,
    title={{CUBESMITH - Rubik's Cube Twisty Puzzle Replacement Stickers - Home}},
    url={http://www.cubesmith.com}
}

@MISC{javascriptjquery,
    title={{JavaScript and jQuery: The Missing Manual, 2nd Edition}},
    url={http://shop.oreilly.com/product/0636920015048.do}
}

@MISC{htmlxhtml,
    title={{HTML and XHTML Pocket Reference, 4th Edition}},
    url={http://shop.oreilly.com/product/9780596805876.do}
}
